

@article{Perveen:E-learning,
    author = "Ayesha Perveen",
    title = "Synchronous and Asynchronous E-Language Learning: A Case Study of Virtual University of Pakistan",
    journal = "Open Praxis",
    volume = 8,
    issue = 2,
    month = jan # "/" # march,
    year = "2016",
    pages = "21--39",
    issn = "2304-070X",
}




% zdroj na webe
@misc{Hrastinski:E-learning,
	author = "Stefan Hrastinski",
	title = "Asynchronous and Synchronous E-Learning",
	publisher = "EDUCAUSE Review",
	year =  "2008",
	howpublished = "\url{er.educause.edu/articles/2008/11/asynchronous-and-synchronous-elearning}",
}